

@misc{coq,
  howpublished = "\url{http://coq.inria.fr}"
}

@misc{isabelle,
  howpublished = "\url{http://www.cl.cam.ac.uk/research/hvg/isabelle}"
}

@misc{nusmv,
  howpublished = "\url{http://nusmv.fbk.eu}"
}

@misc{vcc,
  howpublished = "\url{http://research.microsoft.com/en-us/projects/vcc}"
}

@misc{why3,
  howpublished = "\url{http://why3.lri.fr}"
}

@misc{alt-ergo,
  howpublished = "\url{http://alt-ergo.lri.fr}"
}


@Manual{WP,
  title =        {{WP Plugin}},
  author =    {Patrick Baudin and Loïc Correnson and Zaynah Dargaye},
  organization = {CEA LIST},
  edition =   {0.7 for Fluorine-20130601},
  year =      2013,
  note =      {available at
                \url{http://frama-c.com/download/frama-c-wp-manual.pdf}}}

@Manual{aorai,
  title =        {{Aoraï Plugin Tutorial}},
  author =    {Nicolas Stouls and Virgile Prevosto},
  organization = {INSA Lyon and CEA LIST},
  year =      2013,
  note =      {Available at 
        \url{http://frama-c.com/download/frama-c-aorai-manual.pdf}}}

@misc{frama-c,
  howpublished="\url{http://frama-c.com/}"
}

@MANUAL{ACSL,
  title = {{ACSL: ANSI/ISO C Specification Language}},
  author = {Patrick Baudin and Jean-Christophe Filliâtre and Claude Marché and
	Benjamin Monate and Yannick Moy and Virgile Prevosto},
  edition = {1.7},
  month = apr,
  year = {2013},
  note = {available at \url{http://frama-c.com/download/acsl.pdf}},
  owner = {virgile},
  quality = {1},
  timestamp = {2013.07.16}
}

@misc{gulliver,
  howpublished = "\url{http://gulliver.eu.org/free_software_for_formal_verification}"
}

@InProceedings{Souyris.Delmas.2007,
  author =       {Jean Souyris and David Delmas},
  title =        {{Experimental Assessment of Astrée on Safety-Critical Avionics Software}},
  booktitle = {{Proc. Int. Conf. Computer Safety, Reliability, and Security, SAFECOMP 2007}},
  year =      2007,
  volume =    4680,
  series =    {LNCS},
  month =     sep,
  publisher = {Springer}}

@INPROCEEDINGS{Cousot.Cousot.1976,
AUTHOR  = {P. Cousot and R. Cousot},
TITLE   = {Static Determination of Dynamic Properties of Programs},
BOOKTITLE       = {Proc. 2nd Int. Symp. on Programming},
PUBLISHER       = {Dunot},
ADDRESS = {Paris},
PAGES   = {106--130},
YEAR    = {1976}
}



@INBOOK{Ledinot.Pariente.2010,
AUTHOR  = {Dillon Pariente and Emmanuel Ledinot},
TITLE   = {Formal Verification of Industrial C Code using Frama-C:
        A Case Study},
PAGES   = {205--219},
CROSSREF        = {Beckert.Marche.2010}
}

@INPROCEEDINGS{Bouajjani.2011,
  author = {A. Bouajjani and C. Dragoi and C. Enea and M. Sighireanu},
  title = {On Inter-Procedural Analysis of Programs with Lists and Data},
  booktitle =
   {Proceedings of Programming Languages Design and Implementation (PLDI)},
  year = {2011}
}


@INBOOK{Clarke.Schlingloff.2001,
AUTHOR  = {Edmund M. Clarke and Bernd-Holger Schlingloff},
TITLE   = {Model Checking},
PAGES   = {1637--1790},
CROSSREF        = {Robinson.Voronkov.2001}
}


@BOOK{Robinson.Voronkov.2001,
TITLE   = {Handbook of Automated Reasoning},
EDITOR  = {Alan Robinson and Andrei Voronkov},
PUBLISHER       = {Elsevier},
YEAR    = {2001}
}

@BOOK{DO-178C,
AUTHOR  = {RTCA SC-205},
TITLE   = {Software Considerations in Airborne Systems and
        Equipment Certification (DO-178C)},
ADDRESS = {Washington/DC},
PUBLISHER       = {Radio Technical Commission for Aeronautics (RTCA Inc.)},
MONTH   = {Dec},
YEAR    = {2011}
}



@BOOK{DO-333,
AUTHOR  = {RTCA SC-205},
TITLE   = {Formal Methods Supplement to DO-178C and DO-278A (DO-333)},
ADDRESS = {Washington/DC},
PUBLISHER       = {Radio Technical Commission for Aeronautics (RTCA Inc.)},
MONTH   = {Dec},
YEAR    = {2011}
}


@MISC{en50128,
  TITLE        = {{EN 50128: Railway applications - Communication, signalling and processing systems - Software for railway control and protection systems}},
  AUTHOR             = {{CENELEC, European Committee for Electrotechnical Standardization}},
  MONTH        = {June},
  YEAR         = {2011}
}


@TECHREPORT{Beckert.Marche.2010,
EDITOR  = {Bernhard Beckert and Claude March\'e},
KEY     = {Bernhard Beckert and Claude March\'e},
TITLE   = {Formal Verification of Object Oriented Software ---
        Papers presented at the International Conference, June 28--30,
        Paris},
INSTITUTION     = {Karlsruher Institut f\"ur Technologie},
TYPE    = {Karlsruhe Report in Informatics},
NUMBER  = {2010--13},
PAGES   = {369},
YEAR    = {2010}
}

@InProceedings{UppaalTutorial04,
  author={Gerd Behrmann and Alexandre David and Kim G. Larsen},
  title={A Tutorial on {\sc Uppaal}},
  booktitle={Formal Methods for the Design of Real-Time Systems: 4th 
  International School on Formal Methods for the Design of
  Computer, Communication, and Software Systems, SFM-RT 2004},
  year={2004},
  month={September},
  series={LNCS},
  number={3185},
  pages={200--236},
  editor={Marco Bernardo and Flavio Corradini},
  publisher={Springer--Verlag}
}

@article{Alur1994,
 author = {Alur, Rajeev and Dill, David L.},
 title = {A theory of timed automata},
 journal = {Theor. Comput. Sci.},
 volume = {126},
 number = {2},
 month = apr,
 year = {1994},
 pages = {183--235},
 publisher = {Elsevier Science Publishers Ltd.},
} 

@incollection{David2002,
year={2002},
isbn={978-3-540-43353-8},
booktitle={Fundamental Approaches to Software Engineering},
volume={2306},
series={Lecture Notes in Computer Science},
editor={Kutsche, Ralf-Detlef and Weber, Herbert},
title={Formal Verification of UML Statecharts with Real-Time Extensions},
publisher={Springer},
author={David, Alexandre and Möller, M.Oliver and Yi, Wang},
pages={218-232}
}

@inproceedings{Knapp2002,
 author = {Knapp, Alexander and Merz, Stephan and Rauh, Christopher},
 title = {Model Checking - Timed UML State Machines and Collaborations},
 booktitle = {Proceedings of the 7th International Symposium on Formal Techniques in Real-Time and Fault-Tolerant Systems: Co-sponsored by IFIP WG 2.2},
 series = {FTRTFT '02},
 year = {2002},
 isbn = {3-540-44165-4},
 pages = {395--416},
 publisher = {Springer},
 address = {London, UK, UK},
}

@incollection{Jensen2004,
year={2004},
isbn={978-3-540-21299-7},
booktitle={Tools and Algorithms for the Construction and Analysis of Systems},
volume={2988},
series={Lecture Notes in Computer Science},
editor={Jensen, Kurt and Podelski, Andreas},
title={Vooduu: Verification of Object-Oriented Designs Using UPPAAL},
publisher={Springer},
author={Diethers, Karsten and Huhn, Michaela},
pages={139-143}
}
@ARTICLE{Hoare.Wirth.1973,
  author = {C.A.R. {H}oare and Niklaus {W}irth},
  title = {{A}n axiomatic definition of the programming language {P}ascal},
  journal = {Acta Informatica},
  year = 1973,
  volume = 2,
  pages = {335 - 355},
}

@ARTICLE{Hoare.1969,
  author = {C. A. R. Hoare},
  title = {An axiomatic basis for computer programming},
  journal = {Communications of the ACM},
  year = 1969,
  volume = 12,
  pages = {576–580 and 583},
  number = 10,
  month = {October},
}

@INPROCEEDINGS{Cuoq.2012,
  author = {Pascal Cuoq and Florent Kirchner and Nikolai Kosmatov and Virgile
	Prevosto and Julien Signoles and Boris Yakobowski},
  title = {{Frama-C: a Software Analysis Perspective}},
  booktitle = {Proceedings of Software Engineering and Formal Methods (SEFM)},
  year = {2012},
  volume = {7504},
  series = {LNCS},
  pages = {233-247},
  publisher = {Springer},
}

@Manual{frama-c-va,
  title =        {Frama-C’s value analysis plug-in},
  author =    {Pascal Cuoq and Boris Yakobowski and Virgile Prevosto},
  organization = {CEA LIST},
  edition =   {Fluorine-20130601},
  month =     jun,
  year =      2013,
  note =      {available at \url{http://frama-c.com/download/frama-c-value-analysis.pdf}}}



@inproceedings{GLRT06,
  author    = {C. Gaston and P. Le Gall and  N. Rapin and  A. Touil},
  title     = {{Symbolic execution techniques for test purpose definition}},
  booktitle = {Proceedings of the 18th International Conference on Testing Communicating Systems (TestCom)} ,
  publisher = {Springer LNCS},
  year      = {2006}
}





@inproceedings{FGG07,
	author    = {A. Faivre and C. Gaston and P. Le Gall},
  title     = {{Symbolic Model Based Testing for Component Oriented Systems}},
  booktitle = {Proceedings of the 19th International Conference on Testing Communicating Systems (TestCom/FATES)},
  publisher    = {Springer LNCS},
  year      = {2007}
}



@ARTICLE{King75,
AUTHOR = "J.-C. King",
TITLE = "A new approach to program testing",
JOURNAL = "Proceedings of the international conference on Reliable software, Los Angeles, California",
VOLUME = "21-23",
PAGES = "228-233",
MONTH = "April",
YEAR = "1975"
}

@ARTICLE{Clarke,
  author = {L.-A. Clarke},
  title =   {{A system to generate test data and symbolically execute programs}},
  journal = {IEEE Transactions on software engineering},
  year = {1976},
  month = {September},
  volume = {2(3)},
  pages = {215-222}
}




@INPROCEEDINGS{Kri04,
    author = {M. Krichen and S. Tripakis},
    title = {Black-box 
    time systems},
    booktitle = {Proc. of Int. SPIN Workshop Model Checking of Software},
    publisher={Springer},
    year = {2004},
}



@article{Tre96a,
author = {J. Tretmans},
title = {{Conformance Testing with Labelled Transition Systems:
         Implementation Relations and Test Generation}},
journal = {Computer Networks and ISDN Systems},
year = {1996},
volume = {29},
pages = {49--79}
}




@ARTICLE{Rama,
  author = {C.-V. Ramamoorthy and S.-F. Ho and W.-T. Chen},
  title =   {{On the automated generation of program test data}},
  journal = {IEEE Transactions on software engineering},
  year = {1976},
  month = {September},
  volume = {2(4)},
  pages = {293-300}
}








@inproceedings{GAL00,
  author    = {C. Gaston and M. Aiguier and P. Le Gall},
  title     = {{Algebraic Treatment of Feature-oriented Systems}},
  booktitle = {Language Constructs for Describing Features},
   publisher = {Springer LNCS},
  year      = {2000}
}


@INPROCEEDINGS{RGLG03,
  AUTHOR =       {N. Rapin and C. Gaston and A. Lapitre and J.-P. Gallois},
  TITLE =        {{Behavioral Unfolding of Formal Specifications
                  Based on Communicating automata}},
  BOOKTITLE =    {Proceedings of the 1st workshop on
									Automated Technology for Verification and Analysis (ATVA)},
  YEAR =         {2003}
}


@PhDThesis{bannour2012,
	author = {Bannour, B.},
	title  ={Symbolic analysis of scenario based timed models for component based systems: Compositionality results for testing},
  school = {CEA LIST / \'Ecole Centrale Paris},
  note = {\url{http://www.cti.ecp.fr/~bannourb/PhDthesis.pdf}},
	year = {2012},
}




@inproceedings{BEGL12,
  author    = {B. Bannour and J.P. Escobedo and C. Gaston and P. Le Gall},
  title     = {{Off-line test case generation for timed symbolic model-based conformance testing}},
  booktitle = {Proceedings of the 23rd International Conference on Testing Software and Systems (ICTSS)},
  year      = {2012},
  publisher = {Springer LNCS},
}


@inproceedings{EGL11,
  author    = {J.P. Escobedo and C. Gaston and P. Le Gall},
  title     = {{Timed Conformance Testing for Orchestrated Service Discovery}},
  booktitle = {Proceedings of the 8th International Symposium on Formal Aspects of Component Software (FACS)},
  year      = {2011},
  publisher = {Springer LNCS}
}



@inproceedings{BGS11,
  author    = {B. Bannour and C. Gaston and
  						D. Servat},
  title     = {{Eliciting unitary constraints from timed Sequence Diagram with symbolic techniques: application to testing}},
  booktitle = {Proceedings of the 18th Asian-Pacific Software Engineering Conference (APSEC)},
  year      = {2011},
  publisher = {IEEE Computer Society},
}
