
@techreport{unisig_subset-026_2012,
	type = {{SRS}},
	title = {{SUBSET-026} -- System Requirements Specification},
	number = {3.3.0},
	institution = {{ERA}},
	author = {{{UNISIG}}},
	month = mar,
	year = {2012},
	keywords = {Standard, {UNISIG}}
}
@inbook{chap3-5,
author = {UNISIG},
chapter = {3.5 Management of the Radio Communictation},
crossref = {unisig_subset-026_2012}
}



@techreport{D4.1_2013,
	type = {Delivrable},
	title = {D4.1 {openETCS} Validation \& Verification Plan},
	copyright = {{CC} {BY-NC-SA} 3.0},
	number = {{OETCS/WP4/D4.1V00.09}},
	institution = {{openETCS}},
	collaborator = {{Frederic Badeau} and {Marc Behrens} and {Cécile Braunstein} and {Cyril Cornu} and {Christophe Gaston} and {Jens Gerlach} and {Ainhoa Gracia} and {Hardi Hungar} and {Stephan Jagusch} and {Alexander Nitsch} and {Jan Peleska} and {Marielle Petit-Doche} and {Virgile Prevosto} and {Stefan Rieger} and {Izaskun de la Torre} and {Jan Welte}},
	month = sep,
	year = {2013}
}


@incollection{peleska_efficient_2012,
	series = {Lecture Notes in Computer Science},
	title = {Efficient and Trustworthy Tool Qualification for Model-Based Testing Tools},
	volume = {7641},
	isbn = {978-3-642-34690-3},
	url = {http://dx.doi.org/10.1007/978-3-642-34691-0_3},
	booktitle = {Testing Software and Systems},
	publisher = {Springer Berlin Heidelberg},
	author = {Brauer, Jörg and Peleska, Jan and Schulze, Uwe},
	editor = {Nielsen, Brian and Weise, Carsten},
	year = {2012},
	keywords = {certification, D3.1, model-based testing},
	pages = {8--23},
	file = {Attachment:/home/cecile/.mozilla/firefox/hzvu1rr0.default/zotero/storage/G6C89NDN/Brauer, Peleska, Schulze - 2012 - Efficient and Trustworthy Tool Qualification for Model-Based Testing Tools.pdf:application/pdf}
}

@techreport{braunstein_MorC_2013,
  type={report},
  title={Radio Communication Management -SRS SUBSET-026-3.5- SysML Model},
  institution={openETCS},
  author={Cécile braunstein},
  year={2013},
  url={https://github.com/openETCS/model-evaluation/blob/master/model/EA-SysML/new_version/doc/ea_sysml_report.pdf}

}
