%bibtex entries 

@inproceedings{offutt1989coupling,
  title={The coupling effect: fact or fiction},
  author={A. Offutt},
  booktitle={ACM SIGSOFT Software Engineering Notes},
  volume={14},
  number={8},
  pages={131--140},
  year={1989},
  organization={ACM}
}

@article{pjesh01,
 author = {J. Padberg and L. Jansen and H. Ehrig and E. Schnieder and R. Heckel},
 title = {Cooperability In Train Control Systems: Specification Of Scenarios Using Open Nets},
 journal = {J. Integr. Des. Process Sci.},
 issue_date = {January 2001},
 volume = {5},
 number = {1},
 month = jan,
 year = {2001},
 issn = {1092-0617},
 pages = {3--21},
 numpages = {19},
 url = {http://dl.acm.org/citation.cfm?id=1241714.1241716},
 acmid = {1241716},
 publisher = {IOS Press},
 address = {Amsterdam, The Netherlands, The Netherlands},
 keywords = {Colored Petri nets, European train control system, cooperability, open nets}
} 

@article{springintveld2001testing,
  title={Testing timed automata},
  author={J. Springintveld and F. Vaandrager and P. R D'Argenio},
  journal={Theoretical computer science},
  volume={254},
  number={1},
  pages={225--257},
  year={2001},
  publisher={Elsevier}
}

@ARTICLE{Holzmann97, 
author={Holzmann, G.J.}, 
journal={Software Engineering, IEEE Transactions on}, 
title={The model checker SPIN}, 
year={1997}, 
volume={23}, 
number={5}, 
pages={279-295}, 
keywords={distributed processing;formal specification;formal verification;SPIN model checker;design error detection;detailed code;distributed software system models;efficient verification system;high-level distributed algorithm descriptions;telephone exchange control;verifier design;verifier structure;Algorithm design and analysis;Application software;Concurrent computing;Control system synthesis;Design methodology;Distributed algorithms;Error correction codes;Message passing;Software systems;Telephony}, 
doi={10.1109/32.588521}, 
ISSN={0098-5589}
}

@article{zh05,
 author = {A. Zimmermann and G. Hommel},
 title = {Towards modeling and evaluation of ETCS real-time communication and operation},
 journal = {J. Syst. Softw.},
 issue_date = {July 2005},
 volume = {77},
 number = {1},
 month = jul,
 year = {2005},
 issn = {0164-1212},
 pages = {47--54},
 numpages = {8},
 url = {http://dx.doi.org/10.1016/j.jss.2003.12.039},
 doi = {10.1016/j.jss.2003.12.039}
} 

@book{Ammann2011,
	address = {New York, NY, USA},
	author = "P. Ammann and J. Offutt and S. Version",
	edition = {1st},
	pages = {2002--2009},
	publisher = {Cambridge University Press},
	title = "Introduction to Software Testing",
	year = {2008}
}

@incollection{platzer2009european,
  title={European train control system: A case study in formal verification},
  author={A. Platzer and J.D. Quesel},
  booktitle="11th Int. Conference on Formal Engineering Methods: Formal Methods and Software Engineering, ICFEM '09", 
pages={246--265},
  year={2009},
  publisher={Springer}
}

@inproceedings{Gromov2009,
	author = {M. Gromov and K. El-Fakih and N. Shabaldina and N. Yevtushenko},
    	booktitle = "Joint 11th IFIP WG 6.1 International Conference FMOODS 2009 and 29th IFIP WG 6.1 International Conference FORTE'09",
	pages = {137--151},
	title = {Distinguing Non-deterministic Timed Finite State Machines},
	year = {2009}
}

@inproceedings{ltlzx11,
 author = {Y. Liu and T. Tang and J. Liu and L. Zhao and T. Xu},
 title = {Formal Modeling and Verification of RBC Handover of ETCS Using Differential Dynamic Logic},
 booktitle = {10th Int. Symposium on Autonomous Decentralized Systems,ISADS '11},
 year = {2011},
 isbn = {978-0-7695-4349-9},
 pages = {67--72},
 numpages = {6},
 url = {http://dx.doi.org/10.1109/ISADS.2011.15},
 doi = {10.1109/ISADS.2011.15}
} 

@inproceedings{zymc11,
  author    = {M. Zhigulin and
               N. Yevtushenko and
               S. Maag and
               A.R. Cavalli},
  title     = {FSM-Based Test Derivation Strategies for Systems with Time-Outs},
  booktitle ="11th Int. Conf. on Quality Software, QSIC'11",
  year = "2011",
  pages     = {141--149},
}

@inproceedings{Petrenko2011,
	author = {A. Petrenko and N. Yevtushenko},
	booktitle = {23rd IFIP WG 6.1 international conference on Testing software and systems,ICTSS'11},
	pages = {162--178},
	title = {{Adaptive Testing of Deterministic Implementations Specified by Nondeterministic FSMs}},
	year = {2011}
}

@inproceedings{Feuser2012,
author = {Feuser, Johannes and Peleska, Jan},
booktitle = {In Proceedings of FORMS/FORMAT 2012},
keywords = {architecture,domain-specific modeling,etcs,european train control system,model driven,model driven development,openetcs},
pages = {235--243},
title = {{Model Based Development and Tests for openETCS Applications â€“ A Comprehensive Tool Chain}},
year = {2012}
}

@misc{JPF,
  howpublished = "\url{http://en.wikipedia.org/wiki/Java_Pathfinder}",
  year = {}
}
