@misc{EN50128:2011,
 year = {2011},
 title = {Railway applications - Communications, signalling and processing systems - Software for railway control and protection systems},
 urldate = {24.08.2012},
 volume = {35.240.60},
 number = {50128},
 author = {EN50128}
}

@phdthesis{Schnieder.2010,
 author = {Schnieder, Lars},
 year = {2010},
 title = {Formalisierte Terminologien technischer Systeme und ihrer Zuverl{\"a}ssigkeit},
 url = {http://www.digibib.tu-bs.de/?docid=00033170},
 address = {Braunschweig},
 school = {{Technische Universit{\"a}t Braunschweig}}
}


@book{Schnieder.2013,
 author = {Schnieder, Eckehard and Schnieder, Lars},
 title = {Verkehrssicherheit - Maße und Modelle, Methoden und Maßnahmen für den Straßen- und Schienenverkehr},
 year = {2013},
 publisher = {SpringerVieweg},
 location = {Berlin},
}




