@article{2012/88/EU,
    author  = {European Union},
    title   = {Commission Decision of 25 January 2012 on the technical specification for interoperability relating to the control-command and signalling subsystems of the trans-European rail system},
    journal = {Official Journal of the European Union},
    year    = {2012},
    pages   = {L51/1-L51/65},
 }

@article{2012/696/EU,
    author  = {European Union},
    title   = {Commission Decision of 6 November 2012 amending Decision 2012/88/EU on the technical specifications for interoperability relating to the control-command and signalling subsystems of the trans-European rail system},
    journal = {Official Journal of the European Union},
    year    = {2012},
    pages   = {L311/3-L311/13},
 }