% This file was created with JabRef 2.7b.
% Encoding: UTF-8

 
@inproceedings{rtttq,
  author    = {Brauer, J.  and Peleska, J. and Schulze, U.},
  title     = {{Efficient and Trustworthy Tool Qualification for Model-Based Testing Tools}},
  booktitle = {Testing Software and Systems},
  year      = {2012},
  pages     = {8-23},
  Publisher = {Springer},
  Series = {Lecture Notes in Computer Science 7641},
}


 

@article{Pnueli98,
	Author = {A. Pnueli and O. Shtrichman and M. Siegel},
	Journal = {International Journal on Software Tools for Technology Transfer},
	Number = {2},
	Pages = {192-201},
	Title = {The Code Validation Tool {CVT}: Automatic Verification of a Compilation Process},
	Volume = {2},
	Year = {1998}}

@ARTICLE{cadul,
  author = {Heike Burghardt and Ralf Pinger and Stefan Milius},
  title = {Modellbasierte Softwareentwicklungin der Bahntechnik},
  journal = {Elektronik Industrie},
  year = {2008},
  volume = {8/9},
  pages = {24-26},
  number = {}
}



@ARTICLE{Leroy_formalverification, 
 author = {Leroy, Xavier},
 title = {Formal verification of a realistic compiler},
 journal = {Commun. ACM},
 issue_date = {July 2009},
 volume = {52},
 number = {7},
 month = jul,
 year = {2009},
 issn = {0001-0782},
 pages = {107--115},
 numpages = {9},
 url = {http://doi.acm.org/10.1145/1538788.1538814},
 doi = {10.1145/1538788.1538814},
 acmid = {1538814},
 publisher = {ACM},
 address = {New York, NY, USA},
} 

@manual{do178b,
	Author = {{RTCA,SC-167}},
	Key = {RTCA/DO-178B},
	Organization = {RTCA},
	Title = {Software Considerations in Airborne Systems and Equipment Certification, RTCA/DO-178B},
	Year = {1992}}

@manual{scade,
	Note = {\texttt{http://www.estereltechnologies.com}},
	Organization = {Esterel Technologies},
	Title = {{SCADE} Suite Product Description}
	}

@INBOOK{EN50128-AppendixA,
  chapter = {Annex A},
  pages = {45 - 59},
  title = {{EN 50128 - Railway applications - Communications, signalling and
	processing systems - Software for railway control and protection
	systems}},
  year = {2001},
  author = {CENELEC},
  address = {CENELEC European Committee for Electrotechnical Standardization,
	Central Secretariat: rue de Stassart 35, B - 1050 Brussels},
  month = {March},
  crossref = {EN50128},
  institution = {CENELEC}
}

@INBOOK{RSRSChapter2012,
  chapter = {{The Model-Driven openETCS Paradigm for Secure, Safe and Certifiable
	Train Control Systems}},
  pages = {22-52},
  title = {{Railway Safety, Reliability and Security: Technologies and Systems
	Engineering}},
  publisher = {Information Science Reference},
  year = {2012},
  editor = {Francesco Flammini},
  author = {Peleska, J and Feuser, J. and Haxthausen, A. E.},
  crossref = {RSRSBook2012},
  doi = {10.4018/978-1-4666-1643-1.ch002}
}

@MISC{ARINC653P1-2,
  author = {{Aeronautical radio, Inc.}},
  title = {{Avionics Application Software Interface, Part 1, Required Services}},
  month = {December},
  year = {2005}
}

@BOOK{EN50129,
  title = {{EN 50129 - Railway applications - Communication, signalling and
	processing systems - Safety related electronic systems for signalling}},
  year = {2003},
  author = {CENELEC},
  address = {CENELEC European Committee for Electrotechnical Standardization,
	Central Secretariat: rue de Stassart 35, B - 1050 Brussels},
  month = {February},
  institution = {CENELEC}
}

@BOOK{EN50128,
  title = {{EN 50128 - Railway applications - Communications, signalling and
	processing systems - Software for railway control and protection
	systems}},
  year = {2001},
  author = {CENELEC},
  address = {CENELEC European Committee for Electrotechnical Standardization,
	Central Secretariat: rue de Stassart 35, B - 1050 Brussels},
  month = {March},
  institution = {CENELEC}
}

@BOOK{EN50159-1,
  title = {EN 50159-1. Railway applications -Communication, signalling and processing
	systems Part 1: Safety-related communication in closed transmission
	systems},
  year = {2001},
  author = {CENELEC},
  organization = {CENELEC},
  owner = {Oliver},
  timestamp = {2009.09.28}
}

@BOOK{EN50159-2,
  title = {EN 50159-2. Railway applications -Communication, signalling and processing
	systems Part 2: Safety related communication in open transmission
	systems},
  year = {2001},
  author = {CENELEC},
  organization = {CENELEC},
  owner = {Oliver},
  timestamp = {2009.09.28}
}

@BOOK{EN50126,
  title = {{EN 50126 - Railway applications - The specification and demonstration
	of Reliability, Availability, Maintainability and Safety (RAMS)}},
  year = {1999},
  author = {CENELEC},
  address = {CENELEC European Committee for Electrotechnical Standardization,
	Central Secretariat: rue de Stassart 35, B - 1050 Brussels},
  month = {September},
  institution = {CENELEC}
}

@STANDARD{subset026,
  title = {System Requirement Specification  - SUBSET-026},
  organization = {ERTMS/ETCS},
  institution = {UNISIG},
  author = {ERTMS},
  number = {2.3.0},
  revision = {1/01/2010},
  month = {February},
  year = {2006},
  editor = {{UNISIG}},
  volume = {{Subset-026}}
}

@STANDARD{subset076,
  title = {Test plan SUBSET-076-0},
  organization = {ERTMS/ETCS},
  institution = {UNISIG},
  author = {ERTMS},
  type = {Informative Specification},
  number = {2.3.1},
  month = {October},
  year = {2009},
  owner = {cecile},
  timestamp = {2012.09.21}
}

@MISC{imahw-C153,
  author = {FAA},
  title = {Integrated Modular Avionics Hardware Elements},
  month = {May},
  year = {2002},
  volume = {Technical Standard Order, TSO-C153}
}

@INPROCEEDINGS{SecurityInOMS,
  author = {Feuser, J. and Peleska, J.},
  title = {{Security in Open Model Software with Hardware Virtualisation--The
	Railway Control System Perspective}},
  booktitle = {EASST},
  year = {2010},
  volume = {33: Foundations and Techniques for Open Source Software Certification},
  journal = {Electronic Communications of the EASST},
  url = {http://journal.ub.tu-berlin.de/index.php/eceasst/issue/view/44}
}

@ARTICLE{DBLP:journals/fac/HaxthausenPK11,
  author = {Anne Elisabeth Haxthausen and Jan Peleska and Sebastian Kinder},
  title = {A formal approach for the construction and verification of railway
	control systems},
  journal = {Formal Asp. Comput.},
  year = {2011},
  volume = {23},
  pages = {191-219},
  number = {2},
  bibsource = {DBLP, http://dblp.uni-trier.de},
  ee = {http://dx.doi.org/10.1007/s00165-009-0143-6}
}

@INCOLLECTION{springerlink:10.1007/978-3-642-16277-0_8,
  author = {Huhn, Michaela and Hungar, Hardi},
  title = {8 UML for Software Safety and Certification},
  booktitle = {Model-Based Engineering of Embedded Real-Time Systems},
  publisher = {Springer Berlin / Heidelberg},
  year = {2011},
  editor = {Giese, Holger and Karsai, Gabor and Lee, Edward and Rumpe, Bernhard
	and Schätz, Bernhard},
  volume = {6100},
  series = {Lecture Notes in Computer Science},
  pages = {201-237},
  note = {10.1007/978-3-642-16277-0_8},
  abstract = {With the proliferation of UML in the development of embedded real-time
	systems, the interest in methods and techniques integrating safety
	aspects into a UML-based software and system development process
	has increased. This chapter provides a survey on relevant UML profiles
	and dialects as well as on design and verification methods and process
	issues supporting a safety assessment. These subjects are discussed
	in the light of norms and standards on software development for safety-critical
	systems.},
  affiliation = {Institute for Software Systems Engineering, Technische Universität
	Braunschweig, Mühlenpfordtstr. 23, 38106 Braunschweig, Germany},
  isbn = {978-3-642-16276-3},
  keyword = {Computer Science},
  url = {http://dx.doi.org/10.1007/978-3-642-16277-0_8}
}

@INBOOK{GOPRR,
  chapter = {Appendix A},
  title = {Towards a Comprehensive MetaCASE and CAME Environment},
  year = {1997},
  author = {Kelly, Steven},
  address = {Jyväskylä},
  annote = {Conceptual, Architectural, Functional and Usability Advances in MetaEdit+},
  school = {University of Jyväskylä}
}

@INCOLLECTION{MetaEdit,
  author = {Kelly, Steven and Lyytinen, Kalle and Rossi, Matti},
  title = {MetaEdit+ A fully configurable multi-user and multi-tool CASE and
	CAME environment},
  booktitle = {Advanced Information Systems Engineering},
  publisher = {Springer Berlin / Heidelberg},
  year = {1996},
  editor = {Constantopoulos, Panos and Mylopoulos, John and Vassiliou, Yannis},
  volume = {1080},
  series = {Lecture Notes in Computer Science},
  pages = {1-21},
  affiliation = {University of Jyväskylä PL 35 Department of Computer Science and Information
	Systems FIN-40351 Jyväskylä Finland FIN-40351 Jyväskylä Finland},
  isbn = {978-3-540-61292-6},
  keyword = {Computer Science}
}

@INPROCEEDINGS{avionicsIMA2003,
  author = {Lewis, J. and Rierson, L.},
  title = {Certification concerns with integrated modular avionics (IMA) projects},
  booktitle = {Digital Avionics Systems Conference, 2003. DASC '03. The 22nd},
  year = {2003},
  volume = {1},
  pages = { 1.A.3 - 1.1-9 vol.1},
  month = {oct.},
  abstract = { Aircraft manufacturers are proposing the implementation of integrated
	modular avionics (IMA) into a number of new and modified aircraft.
	This paper addresses some of the major certification concerns that
	should be considered by IMA manufacturers, aircraft applicants, and
	certification authorities when developing, selecting or approving
	IMA technology.},
  doi = {10.1109/DASC.2003.1245803},
  keywords = { IMA; aircraft manufacturers; certification; integrated modular avionics;
	aircraft manufacture; avionics;}
}

@MISC{OMGUML,
  author = {OMG},
  title = {Object Mangement Group - Unified Modeling Language - {UML}, Infrastructure
	V2.3},
  month = {April},
  year = {2011},
  language = {English},
  url = {www.uml.org}
}

@INBOOK{Ecore/EMF,
  chapter = {5},
  pages = {71-73},
  title = {{Model-driven software development: technology, engineering, management}},
  publisher = {John Wiley},
  author = {Stahl, T. and Völter, M. and Bettin, J. and Stockfleth, B.}
}

@INBOOK{MOF,
  chapter = {5},
  pages = {64-71},
  title = {{Model-driven software development: technology, engineering, management}},
  publisher = {John Wiley},
  year = {2006},
  author = {Stahl, T. and Völter, M. and Bettin, J. and Stockfleth, B.}
}

@BOOK{EMF-Ecore,
  title = {Eclips Modeling Framework},
  publisher = {Addison Wesley},
  year = {2004},
  author = {Dave Steinberg and Frank Budinsky and Ed Merks and Raymond Ellersick
	andTimoty J. Grose},
  owner = {cecile},
  timestamp = {2012.09.14}
}

@BOOK{Steinberg:2009:EEM:1197540,
  title = {EMF: Eclipse Modeling Framework 2.0},
  publisher = {Addison-Wesley Professional},
  year = {2009},
  author = {Steinberg, David and Budinsky, Frank and Paternostro, Marcelo and
	Merks, Ed},
  edition = {2nd},
  isbn = {0321331885}
}

@BOOK{tanenbaum2008,
  title = {Modern Operating Systems},
  publisher = {Pearson},
  year = {2008},
  author = {Andrew S. Tanenbaum}
}

@BOOK{RSRSBook2012,
  title = {{Railway Safety, Reliability and Security: Technologies and Systems
	Engineering}},
  year = {2012},
  editor = {Francesco Flammini},
  doi = {10.4018/978-1-4666-1643-1}
}

@MISC{TOPCASED,
  title = {{TOPCASED - The Open-Source Toolkit for Critical Systems}},
  language = {English},
  lastchecked = {Accessed March 28, 2012},
  url = {http://www.topcased.org},
  urldate = {Accessed March 28, 2012}
}

@STANDARD{MOF-spec,
  title = {OMG Meta Object Facility (MOF) Core Specification},
  organization = {Object Managment Group},
  institution = {OMG},
  number = {2.4.1},
  month = {August},
  year = {2011},
  url = {http://www.omg.org/spec/MOF/2.4.1},
  owner = {cecile},
  timestamp = {2012.09.14}
}

@inproceedings{PeleskaVL11Nfm,
  author    = {Jan Peleska and
               Elena Vorobev and
               Florian Lapschies},
  title     = {Automated Test Case Generation with SMT-Solving and Abstract
               Interpretation},
  booktitle = {NASA Formal Methods},
  year      = {2011},
  pages     = {298-312},
  ee        = {http://dx.doi.org/10.1007/978-3-642-20398-5_22},
  crossref  = {DBLP:conf/nfm/2011},
  bibsource = {DBLP, http://dblp.uni-trier.de}
}

@proceedings{DBLP:conf/nfm/2011,
  editor    = {Mihaela Gheorghiu Bobaru and
               Klaus Havelund and
               Gerard J. Holzmann and
               Rajeev Joshi},
  title     = {NASA Formal Methods - Third International Symposium, NFM
               2011, Pasadena, CA, USA, April 18-20, 2011. Proceedings},
  booktitle = {NASA Formal Methods},
  publisher = {Springer},
  series    = {Lecture Notes in Computer Science},
  volume    = {6617},
  year      = {2011},
  isbn      = {978-3-642-20397-8},
  ee        = {http://dx.doi.org/10.1007/978-3-642-20398-5},
  bibsource = {DBLP, http://dblp.uni-trier.de}
}

@inproceedings{Wang:2010:HLA:1849417.1849986,
 author = {Wang, Zhi and Jiang, Xuxian},
 title = {HyperSafe: A Lightweight Approach to Provide Lifetime
Hypervisor Control-Flow Integrity},
 booktitle = {Proceedings of the 2010 IEEE Symposium on Security and Privacy},
 series = {SP '10},
 year = {2010},
 isbn = {978-0-7695-4035-1},
 pages = {380--395},
 numpages = {16},
 url = {http://dx.doi.org/10.1109/SP.2010.30},
 doi = {10.1109/SP.2010.30},
 acmid = {1849986},
 publisher = {IEEE Computer Society},
 address = {Washington, DC, USA},
 keywords = {Hypervisor, Rootkits, Control-Flow Integrity},
}
@inproceedings{Wang:2010:HHI:1894166.1894178,
 author = {Wang, Jiang and Stavrou, Angelos and Ghosh, Anup},
 title = {HyperCheck: a hardware-assisted integrity monitor},
 booktitle = {Proceedings of the 13th international conference on
Recent advances in intrusion detection},
 series = {RAID'10},
 year = {2010},
 isbn = {3-642-15511-1, 978-3-642-15511-6},
 location = {Ottawa, Ontario, Canada},
 pages = {158--177},
 numpages = {20},
 url = {http://dl.acm.org/citation.cfm?id=1894166.1894178},
 acmid = {1894178},
 publisher = {Springer-Verlag},
 address = {Berlin, Heidelberg},
 keywords = {hypervisor, protection framework, system management mode},
}

@article{Chen:2008:OVA:1353535.1346284,
 author = {Chen, Xiaoxin and Garfinkel, Tal and Lewis, E. Christopher
and Subrahmanyam, Pratap and Waldspurger, Carl A. and Boneh, Dan and
Dwoskin, Jeffrey and Po\
rts, Dan R.K.},
 title = {Overshadow: a virtualization-based approach to retrofitting
protection in commodity operating systems},
 journal = {SIGOPS Oper. Syst. Rev.},
 issue_date = {March 2008},
 volume = {42},
 number = {2},
 month = mar,
 year = {2008},
 issn = {0163-5980},
 pages = {2--13},
 numpages = {12},
 url = {http://doi.acm.org/10.1145/1353535.1346284},
 doi = {10.1145/1353535.1346284},
 acmid = {1346284},
 publisher = {ACM},
 address = {New York, NY, USA},
 keywords = {VMM, cloaking, hypervisors, memory protection,
multi-shadowing, operating systems, virtual machine monitors},
}

@inproceedings{Garfinkel:2003:TVM:945445.945464,
 author = {Garfinkel, Tal and Pfaff, Ben and Chow, Jim and Rosenblum,
Mendel and Boneh, Dan},
 title = {Terra: a virtual machine-based platform for trusted computing},
 booktitle = {Proceedings of the nineteenth ACM symposium on Operating
systems principles},
 series = {SOSP '03},
 year = {2003},
 isbn = {1-58113-757-5},
 location = {Bolton Landing, NY, USA},
 pages = {193--206},
 numpages = {14},
 url = {http://doi.acm.org/10.1145/945445.945464},
 doi = {http://doi.acm.org/10.1145/945445.945464},
 acmid = {945464},
 publisher = {ACM},
 address = {New York, NY, USA},
 keywords = {VMM, attestation, authentication, trusted computing,
virtual machine, virtual machine monitor},
}

@INPROCEEDINGS{Härtig05thenizza,
    author = {Hermann Härtig and Michael Hohmuth and Norman Feske and
Christian Helmuth and Adam Lackorzynski and Frank Mehnert and Michael
Peter},
    title = {The Nizza Secure-System Architecture},
    booktitle = {In IEEE CollaborateCom 2005},
    year = {2005}
}
@MISC{Pfitzmann01theperseus,
    author = {Birgit Pfitzmann and James Riordan and Christian Stüble
and Michael Waidner and Arnd Weber and Universitt Des Saarlandes},
    title = {The PERSEUS System Architecture},
    year = {2001}
}

@inproceedings{1629596,
 author = {Klein, Gerwin and Elphinstone, Kevin and Heiser, Gernot and
Andronick, June and Cock, David and Derrin, Philip and Elkaduwe,
Dhammika and Engelhardt, K\
ai and Kolanski, Rafal and Norrish, Michael and Sewell, Thomas and
Tuch, Harvey and Winwood, Simon},
 title = {seL4: formal verification of an OS kernel},
 booktitle = {SOSP '09: Proceedings of the ACM SIGOPS 22nd symposium
on Operating systems principles},
 year = {2009},
 isbn = {978-1-60558-752-3},
 pages = {207--220},
 location = {Big Sky, Montana, USA},
 doi = {http://doi.acm.org/10.1145/1629575.1629596},
 publisher = {ACM},
 address = {New York, NY, USA},
 }

@article{123459,
 author = {Karger, Paul A. and Zurko, Mary Ellen and Bonin, Douglas W.
and Mason, Andrew H. and Kahn, Clifford E.},
 title = {A Retrospective on the VAX VMM Security Kernel},
 journal = {IEEE Trans. Softw. Eng.},
 volume = {17},
 number = {11},
 year = {1991},
 issn = {0098-5589},
 pages = {1147--1165},
 doi = {http://dx.doi.org/10.1109/32.106971},
 publisher = {IEEE Press},
 address = {Piscataway, NJ, USA},
 }

@techreport{qubes,
author = {Joanna Rutkowska, Rafal Wojtczuk},
title = {Qubes Os},
year = {2010},
month = {January},
institution = {Invisible Thing Lab},
}

@inproceedings{1294294,
 author = {Seshadri, Arvind and Luk, Mark and Qu, Ning and Perrig, Adrian},
 title = {SecVisor: a tiny hypervisor to provide lifetime kernel code
integrity for commodity {O}{S}es},
 booktitle = {SOSP '07: Proceedings of twenty-first ACM SIGOPS
symposium on Operating systems principles},
 year = {2007},
 isbn = {978-1-59593-591-5},
 pages = {335--350},
 location = {Stevenson, Washington, USA},
 doi = {http://doi.acm.org/10.1145/1294261.1294294},
 publisher = {ACM},
 address = {New York, NY, USA},
 }

@inproceedings{Lie:2003:SVH:829515.830564,
 author = {Lie, David and Mitchell, John and Thekkath, Chandramohan A.
and Horowitz, Mark},
 title = {Specifying and Verifying Hardware for Tamper-Resistant Software},
 booktitle = {Proceedings of the 2003 IEEE Symposium on Security and Privacy},
 series = {SP '03},
 year = {2003},
 isbn = {0-7695-1940-7},
 pages = {166--},
 url = {http://portal.acm.org/citation.cfm?id=829515.830564},
 acmid = {830564},
 publisher = {IEEE Computer Society},
 address = {Washington, DC, USA},
}

@inproceedings{Sailer:2005:BMS:1106778.1106831,
 author = {Sailer, Reiner and Jaeger, Trent and Valdez, Enriquillo and
Caceres, Ramon and Perez, Ronald and Berger, Stefan and Griffin, John
Linwood and Doorn, Le\
endert van},
 title = {Building a MAC-Based Security Architecture for the Xen
Open-Source Hypervisor},
 booktitle = {Proceedings of the 21st Annual Computer Security
Applications Conference},
 year = {2005},
 isbn = {0-7695-2461-3},
 pages = {276--285},
 numpages = {10},
 url = {http://dl.acm.org/citation.cfm?id=1106778.1106831},
 doi = {10.1109/CSAC.2005.13},
 acmid = {1106831},
 publisher = {IEEE Computer Society},
 address = {Washington, DC, USA},
}

@inproceedings{pel2011a,
	Address = {Heidelberg Dordrecht London New York},
	Author = {Jan Peleska and Artur Honisch and Florian Lapschies and Helge L{\"o}ding and Hermann Schmid and Peer Smuda and Elena Vorobev and Cornelia Zahlten},
	Booktitle = {Testing Software and Systems. Proceedings of the 23rd IFIP WG 6.1 International Conference, ICTSS 2011},
	Date-Added = {2011-12-18 17:13:37 +0000},
	Date-Modified = {2011-12-18 17:42:28 +0000},
	Editor = {Burkhart Wolff and Fatiha Zaidi},
	Month = {November},
	Organization = {IFIP WG 6.1},
	Pages = {146-161},
	Publisher = {Springer},
	Series = {{LNCS}},
	Title = {A Real-World Benchmark Model for Testing Concurrent Real-Time Systems in the Automotive Domain},
	Volume = {7019},
	Year = {2011}}

@inproceedings{peleska2009d,
	Author = {Helge L{\"o}ding and Jan Peleska},
	Booktitle = {Proc. 3rd International Conference on Software Testing, Verification and Validation (ICST'10)},
	Optaddress = {Los Alamitos, CA, USA},
	Publisher = {IEEE Computer Society},
	Title = {Timed Moore automata: test data generation and model checking},
	Year = {2010}}


