
@ARTICLE{HoareCalculus,
  author = {C. A. R. Hoare},
  title = {An axiomatic basis for computer programming},
  journal = {Communications of the ACM},
  year = {1969},
  volume = {12},
  pages = {576â€“580 and 583},
  number = {10},
}

@Manual{Coq,
  title =        {{The Coq Proof Assistant Reference Manual}},
  author =    {{Coq Development Team}},
  edition =   {v8.3},
  year =      2011,
  note =      {\url{http://coq.inria.fr/}}}

@misc{acsl,
  title  = "{ANSI/ISO C Specification Language}",
  howpublished = "\url{http://frama-c.com/acsl.html}"
}

@misc{FramaC,
  title  = "{Frama-C Software Analyzers}",
  howpublished = "\url{http://frama-c.com}"
}


@misc{alt-ergo,
  author = "Sylvain Conchon and Evelyne Contejean and Johannes Kanig",
  title  = "{Homepage of the Alt-Ergo Theorem Prover}",
  howpublished = "\url{http://alt-ergo.lri.fr/}"
}


@misc{cvc3,
  author = "Clark Barrett and Cesare Tinelli",
  title  = "{Homepage of CVC3}",
  year = 2010,
  howpublished = "\url{http://www.cs.nyu.edu/acsys/cvc3/}"
}


@misc{z3,
  author = "Microsoft Research",
  title  = "{Homepage of the Z3 SMT Solver}",
  howpublished = "\url{http://research.microsoft.com/en-us/um/redmond/projects/z3/}"
}

@misc{wp,
  title  = "{WP Plug-in}",
  howpublished = "\url{http://frama-c.com/wp.html}"
}
